@inproceedings{sagiv1996precise,
  author    = {Shmuel Sagiv and
               Thomas W. Reps and
               Susan Horwitz},
  title     = {Precise Interprocedural Dataflow Analysis with Applications
               to Constant Propagation},
  booktitle = {TAPSOFT'95: Theory and Practice of Software Development,
               6th International Joint Conference CAAP/FASE,
               May 22-26, 1995, Proceedings},
  year      = {1995},
  pages     = {651-665},
  ee        = {http://dx.doi.org/10.1007/3-540-59293-8_226},
  bibsource = {DBLP, http://dblp.uni-trier.de}
}

@inproceedings{reps1995precise,
  author    = {Thomas W. Reps and
               Susan Horwitz and
               Shmuel Sagiv},
  title     = {Precise Interprocedural Dataflow Analysis via Graph Reachability},
  booktitle = {Conference Record of POPL'95: 22nd ACM SIGPLAN-SIGACT Symposium
               on Principles of Programming Languages,
               January 23-25, 1995},
  year      = {1995},
  pages     = {49-61},
  ee        = {http://doi.acm.org/10.1145/199448.199462},
  bibsource = {DBLP, http://dblp.uni-trier.de}
}

@inproceedings{naeem2010pei,
  author    = {Nomair A. Naeem and
               Ond\v rej Lhot{\'a}k and
               Jonathan Rodriguez},
  title     = {Practical Extensions to the {IFDS} Algorithm},
  booktitle = {Compiler Construction, 19th International Conference, CC
               2010,
               March 20-28, 2010. Proceedings},
  year      = {2010},
  pages     = {124-144},
  ee        = {http://dx.doi.org/10.1007/978-3-642-11970-5_8},
  bibsource = {DBLP, http://dblp.uni-trier.de}
}

@inproceedings{naeem2008typestate,
  author    = {Nomair A. Naeem and
               Ond\v rej Lhot{\'a}k},
  title     = {Typestate-like analysis of multiple interacting objects},
  booktitle = {Proceedings of the 23rd Annual ACM SIGPLAN Conference on
               Object-Oriented Programming, Systems, Languages, and Applications,
               OOPSLA 2008, October 19-23, 2008},
  year      = {2008},
  pages     = {347-366},
  ee        = {http://doi.acm.org/10.1145/1449764.1449792},
  bibsource = {DBLP, http://dblp.uni-trier.de}
}

@book{nielson1999principles,
  author    = {Flemming Nielson and
               Hanne Riis Nielson and
               Chris Hankin},
  title     = {Principles of program analysis (2. corr. print)},
  year      = {2005},
  isbn      = {978-3-540-65410-0},
  pages     = {I-XXI, 1-452},
  ee        = {http://www.springer.com/computer/theoretical+computer+science/book/978-3-540-65410-0},
  bibsource = {DBLP, http://dblp.uni-trier.de}
}

@inproceedings{odersky2004overview,
  author    = {Martin Odersky},
  title     = {Essentials of {Scala}},
  booktitle = {Langages et Mod{\`e}les {\`a} Objets, LMO 2009,
               25-27 mars 2009},
  year      = {2009},
  pages     = {2},
  ee        = {http://editions-rnti.fr/?inprocid=1000751},
  bibsource = {DBLP, http://dblp.uni-trier.de}
}

@misc{fink2012wala,
  title={{WALA} --- The {TJ} {Watson} Libraries for Analysis},
  author={Fink, Stephen and Dolby, Julian},
  year={2012},
  howpublished = "\url{http://wala.sourceforge.net}",
}

@inproceedings{blackburn2006dacapo,
  author    = {Stephen M. Blackburn and
               Robin Garner and
               Chris Hoffmann and
               Asjad M. Khan and
               Kathryn S. McKinley and
               Rotem Bentzur and
               Amer Diwan and
               Daniel Feinberg and
               Daniel Frampton and
               Samuel Z. Guyer and
               Martin Hirzel and
               Antony L. Hosking and
               Maria Jump and
               Han Bok Lee and
               J. Eliot B. Moss and
               Aashish Phansalkar and
               Darko Stefanovic and
               Thomas VanDrunen and
               Daniel von Dincklage and
               Ben Wiedermann},
  title     = {The {DaCapo} benchmarks: {Java} benchmarking development and
               analysis},
  booktitle = {Proceedings of the 21th Annual ACM SIGPLAN Conference on
               Object-Oriented Programming, Systems, Languages, and Applications,
               OOPSLA 2006, October 22-26, 2006},
  year      = {2006},
  pages     = {169-190},
  ee        = {http://doi.acm.org/10.1145/1167473.1167488},
  bibsource = {DBLP, http://dblp.uni-trier.de}
}

@book{lindholmjava,
  author    = {Tim Lindholm and
               Frank Yellin},
  title     = {The Java Virtual Machine Specification},
  year      = {1997},
  isbn      = {0-201-63452-X},
  bibsource = {DBLP, http://dblp.uni-trier.de}
}

@article{hubert2009soundly,
  author    = {Laurent Hubert and
               David Pichardie},
  title     = {Soundly Handling Static Fields: Issues, Semantics and Analysis},
  journal   = {Electr. Notes Theor. Comput. Sci.},
  number    = {5},
  year      = {2009},
  pages     = {15-30},
  ee        = {http://dx.doi.org/10.1016/j.entcs.2009.11.012},
  bibsource = {DBLP, http://dblp.uni-trier.de}
}

@article{cytron1991efficiently,
  author    = {Ron Cytron and
               Jeanne Ferrante and
               Barry K. Rosen and
               Mark N. Wegman and
               F. Kenneth Zadeck},
  title     = {Efficiently Computing Static Single Assignment Form and
               the Control Dependence Graph},
  journal   = {ACM Trans. Program. Lang. Syst.},
  number    = {4},
  year      = {1991},
  pages     = {451-490},
  ee        = {http://doi.acm.org/10.1145/115372.115320},
  bibsource = {DBLP, http://dblp.uni-trier.de}
}

@inproceedings{muller2001complexity,
  author    = {Markus M{\"u}ller-Olm and
               Oliver R{\"u}thing},
  title     = {On the Complexity of Constant Propagation},
  booktitle = {Programming Languages and Systems, 10th European Symposium
               on Programming, ESOP 2001 Held as Part of the Joint European
               Conferences on Theory and Practice of Software, ETAPS 2001,
               April 2-6, 2001, Proceedings},
  year      = {2001},
  pages     = {190-205},
  ee        = {http://dx.doi.org/10.1007/3-540-45309-1_13},
  bibsource = {DBLP, http://dblp.uni-trier.de}
}

@article{pnueli1981two,
  title={Two approaches to interprocedural data flow analysis},
  author={Sharir, Micha and Pnueli, Amir},
  journal={Program flow analysis: Theory and applications},
  pages={189--234},
  year={1981}
}

@inproceedings{bodden2012inter,
  author    = {Eric Bodden},
  title     = {Inter-procedural data-flow analysis with {IFDS/IDE} and {Soot}},
  booktitle = {Proceedings of the ACM SIGPLAN International Workshop on
               State of the Art in Java Program analysis, SOAP 2012, June 14, 2012},
  year      = {2012},
  pages     = {3-8},
  ee        = {http://doi.acm.org/10.1145/2259051.2259052},
  bibsource = {DBLP, http://dblp.uni-trier.de}
}

@inproceedings{vallee1999soot,
  author    = {Raja Vall{\'e}e-Rai and
               Phong Co and
               Etienne Gagnon and
               Laurie J. Hendren and
               Patrick Lam and
               Vijay Sundaresan},
  title     = {Soot --- a {Java} bytecode optimization framework},
  booktitle = {Proceedings of the 1999 conference of the Centre for Advanced
               Studies on Collaborative Research, November 8-11, 1999},
  year      = {1999},
  pages     = {13},
  ee        = {http://doi.acm.org/10.1145/781995.782008},
  bibsource = {DBLP, http://dblp.uni-trier.de}
}

@article{appel1998ssa,
  author    = {Andrew W. Appel},
  title     = {{SSA} is Functional Programming},
  journal   = {SIGPLAN Notices},
  number    = {4},
  year      = {1998},
  pages     = {17-20},
  ee        = {http://doi.acm.org/10.1145/278283.278285},
  bibsource = {DBLP, http://dblp.uni-trier.de}
}

@inproceedings{DBLP:conf/birthday/KreikerRRSWY13,
  author    = {J{\"o}rg Kreiker and
               Thomas W. Reps and
               Noam Rinetzky and
               Mooly Sagiv and
               Reinhard Wilhelm and
               Eran Yahav},
  title     = {Interprocedural Shape Analysis for Effectively Cutpoint-Free
               Programs},
  booktitle = {Programming Logics --- Essays in Memory of Harald Ganzinger},
  year      = {2013},
  pages     = {414-445},
  ee        = {http://dx.doi.org/10.1007/978-3-642-37651-1_17},
  bibsource = {DBLP, http://dblp.uni-trier.de}
}

@inproceedings{bodden2013spl,
  author    = {Eric Bodden and
               T{\'a}rsis Tol{\^e}do and
               M{\'a}rcio Ribeiro and
               Claus Brabrand and
               Paulo Borba and
               Mira Mezini},
  title     = {{SPLLIFT} - Statically Analyzing Software Product Lines in
               Minutes Instead of Years},
  booktitle = {Software Engineering 2014, Fachtagung des GI-Fachbereichs
               Softwaretechnik, 25. Februar - 28. Februar 2014},
  year      = {2014},
  pages     = {81-82},
  bibsource = {DBLP, http://dblp.uni-trier.de}
}

@MastersThesis{rodriguez2010concurrent,
  title={A Concurrent {IFDS} Dataflow Analysis Algorithm Using Actors},
  author={Rodriguez, Jonathan David},
  year={2010}
}

@inproceedings{DBLP:conf/ecoop/SridharanDCST12,
  author    = {Manu Sridharan and
               Julian Dolby and
               Satish Chandra and
               Max Sch{\"a}fer and
               Frank Tip},
  title     = {Correlation Tracking for Points-To Analysis of {JavaScript}},
  booktitle = {ECOOP 2012 - Object-Oriented Programming - 26th European
               Conference, June 11-16, 2012. Proceedings},
  year      = {2012},
  pages     = {435-458},
  ee        = {http://dx.doi.org/10.1007/978-3-642-31057-7_20},
  bibsource = {DBLP, http://dblp.uni-trier.de}
}

@inproceedings{tripp2009taj,
  author    = {Omer Tripp and
               Marco Pistoia and
               Stephen J. Fink and
               Manu Sridharan and
               Omri Weisman},
  title     = {{TAJ}: effective taint analysis of web applications},
  booktitle = {Proceedings of the 2009 ACM SIGPLAN Conference on Programming
               Language Design and Implementation, PLDI 2009,
               June 15-21, 2009},
  year      = {2009},
  pages     = {87-97},
  ee        = {http://doi.acm.org/10.1145/1542476.1542486},
  bibsource = {DBLP, http://dblp.uni-trier.de}
}

@inproceedings{giegerich1981invariance,
  author    = {Robert Giegerich and
               Ulrich M{\"o}ncke and
               Reinhard Wilhelm},
  title     = {Invariance of Approximate Semantics with Respect to Program
               Transformations},
  booktitle = {GI --- 11. Jahrestagung in Verbindung mit Third Conference
               of the European Co-operation in Informatics (ECI),
               20.-23. Oktober 1981, Proceedings},
  year      = {1981},
  pages     = {1-10},
  bibsource = {DBLP, http://dblp.uni-trier.de}
}

@article{knoop1993efficient,
  author    = {Jens Knoop and
               Bernhard Steffen and
               J{\"u}rgen Vollmer},
  title     = {Parallelism for Free: Efficient and Optimal Bitvector Analyses
               for Parallel Programs},
  journal   = {ACM Trans. Program. Lang. Syst.},
  number    = {3},
  year      = {1996},
  pages     = {268-299},
  ee        = {http://doi.acm.org/10.1145/229542.229545},
  bibsource = {DBLP, http://dblp.uni-trier.de}
}

@inproceedings{knoop1992interprocedural,
  author    = {Jens Knoop and
               Bernhard Steffen},
  title     = {The Interprocedural Coincidence Theorem},
  booktitle = {Compiler Construction, 4th International Conference on Compiler
               Construction, CC'92, October 5-7, 1992,
               Proceedings},
  year      = {1992},
  pages     = {125-140},
  ee        = {http://dx.doi.org/10.1007/3-540-55984-1_13},
  bibsource = {DBLP, http://dblp.uni-trier.de}
}

@article{rice1953classes,
  title={Classes of recursively enumerable sets and their decision problems},
  author={Rice, Henry Gordon},
  journal={Transactions of the American Mathematical Society},
  pages={358--366},
  year={1953},
  }

 

@article{DBLP:journals/scp/Tip15,
  author    = {Frank Tip},
  title     = {Infeasible paths in object-oriented programs},
  journal   = {Sci. Comput. Program.},
  volume    = {97},
  pages     = {91--97},
  year      = {2015},
  url       = {http://dx.doi.org/10.1016/j.scico.2013.11.005},
  doi       = {10.1016/j.scico.2013.11.005},
  timestamp = {Thu, 20 Nov 2014 11:20:37 +0100},
  biburl    = {http://dblp.uni-trier.de/rec/bib/journals/scp/Tip15},
  bibsource = {dblp computer science bibliography, http://dblp.org}
}


